@inproceedings{Giles_2005,
	url = {https://people.maths.ox.ac.uk/gilesm/files/bangalore05.pdf},
	year = 2005,
	publisher = {Post-SAROD Indo-French Workshop},
	author = {Michael B. Giles and Devendra Ghate and Mihai C. Duta},
	title = {{Using Automatic Differentiation for Adjoint CFD Code Development}}
}

@book{Griewank_2008,
	doi = {10.1137/1.9780898717761},
	url = {http://dx.doi.org/10.1137/1.9780898717761},
	year = 2008,
	month = {jan},
	publisher = {Society for Industrial {\&} Applied Mathematics ({SIAM})},
	author = {Andreas Griewank and Andrea Walther},
	title = {Evaluating Derivatives}
}

@manual{Utke_2014,
	url = {http://www.mcs.anl.gov/OpenAD/openad.pdf},
	year = 2014,
	author = {J. Utke and U. Naumann and A. Lyons},
	title = {{OpenAD/F: User Manual}}
}

@techreport{Rao_2013,
	year = 2013,
	author = {V. Rao and S. Abhyankar and M. Anitescu},
	title = {{Adjoint sensitivity analysis for ODEs and DAEs}}
}

@misc{Sandu_2012,
	year = 2012,
	author = {Adrian Sandu},
	title = {{Inverse Problems with ODE models}}
}

@techreport{Byrd_1996,
	doi = {10.2172/204262},
	url = {http://dx.doi.org/10.2172/204262},
	year = 1996,
	month = {mar},
	publisher = {Office of Scientific and Technical Information ({OSTI})},
	author = {R.H. Byrd and L. Peihuang and J. Nocedal},
	title = {A limited-memory algorithm for bound-constrained optimization}
}

@article{Zhu_1997,
	doi = {10.1145/279232.279236},
	url = {http://dx.doi.org/10.1145/279232.279236},
	year = 1997,
	month = {dec},
	publisher = {Association for Computing Machinery ({ACM})},
	volume = {23},
	number = {4},
	pages = {550--560},
	author = {Ciyou Zhu and Richard H. Byrd and Peihuang Lu and Jorge Nocedal},
	title = {Algorithm 778: L-{BFGS}-B: Fortran subroutines for large-scale bound-constrained optimization},
	journal = {{ACM} Transactions on Mathematical Software}
}

@article{Morales_2011,
	doi = {10.1145/2049662.2049669},
	url = {http://dx.doi.org/10.1145/2049662.2049669},
	year = 2011,
	month = {nov},
	publisher = {Association for Computing Machinery ({ACM})},
	volume = {38},
	number = {1},
	pages = {1--4},
	author = {Jos{\'{e}} Luis Morales and Jorge Nocedal},
	title = {Remark on {\textquotedblleft}algorithm 778: L-{BFGS}-B: Fortran subroutines for large-scale bound constrained optimization{\textquotedblright}},
	journal = {{ACM} Transactions on Mathematical Software}
}